<?xml version="1.0" encoding="UTF-8"?><record xmlns="http://www.loc.gov/MARC21/slim" xmlns:cinclude="http://apache.org/cocoon/include/1.0" xmlns:zs="http://www.loc.gov/zing/srw/">
  <leader>00301nz  a2200121n  4500</leader>
  <controlfield tag="001">n  94000498 </controlfield>
  <controlfield tag="003">DLC</controlfield>
  <controlfield tag="005">19940104112245.4</controlfield>
  <controlfield tag="008">940104n| acannaab|          |n aaa ||| c</controlfield>
  <datafield tag="010" ind1=" " ind2=" ">
    <subfield code="a">n  94000498 </subfield>
  </datafield>
  <datafield tag="040" ind1=" " ind2=" ">
    <subfield code="a">CU</subfield>
    <subfield code="c">CU</subfield>
  </datafield>
  <datafield tag="100" ind1="1" ind2="0">
    <subfield code="a">Brandolini, Andreas</subfield>
  </datafield>
  <datafield tag="670" ind1=" " ind2=" ">
    <subfield code="a">Platz machen, c1991:</subfield>
    <subfield code="b">t.p. (Andreas Brandolini)</subfield>
  </datafield>
</record>